@book{Cannonito_1972, 
	title={The Computability of Group Constructions. Part 1}, 
	url={http://handle.dtic.mil/100.2/AD740603},
	note={<m:note>The real paper. Extremely hard to read due to photocopying, but very readable in terms of presentation. <m:linebreak/>  <m:linebreak/>Shows amalgamated products are n+1 grzegorczyk level, HNN (strong Britton) extensions are n+2.</m:note>},
	author={Cannonito, F.B. and Gatterdam, R.W.},
	year={1972}
}

@article{Cannonito_1966b,
	annote = {The first paper. Proves computability only for standard indices.},
	author = {Cannonito, Frank B.},
	file = {:H$\backslash$:/Mendeley Desktop/Cannonito/The Journal of Symbolic Logic/Cannonito - 1966 - Hierarchies of Computable Groups and the Word Problem.pdf:pdf},
	journal = {The Journal of Symbolic Logic},
	keywords = {computability,group,grzegorczyk hierarchy,word problem},
	mendeley-tags = {computability,group,grzegorczyk hierarchy,word problem},
	number = {3},
	pages = {376 -- 392},
	title = {{Hierarchies of Computable Groups and the Word Problem}},
	url = {http://www.jstor.org/stable/2270453},
	volume = {31},
	year = {1966}
}

@article{Gatterdam_1973,
	author = {Gatterdam, R.W.},
	doi = {10.1017/S0004972700045469},
	file = {:H$\backslash$:/Mendeley Desktop/Gatterdam/Bulletin of the Australian Mathematical Society/Gatterdam - 2009 - The computability of group constructions II.pdf:pdf},
	issn = {0004-9727},
	journal = {Bulletin of the Australian Mathematical Society},
	keywords = {computability,group,grzegorczyk hierarchy},
	mendeley-tags = {computability,group,grzegorczyk hierarchy},
	month = apr,
	number = {01},
	pages = {27},
	title = {{The computability of group constructions II}},
	url = {http://www.journals.cambridge.org/abstract\_S0004972700045469},
	volume = {8},
	year = {1973}
}

@phdthesis{Gatterdam_1970,
	author = {Gatterdam, R.W.},
	file = {:H$\backslash$:/Mendeley Desktop/Gatterdam/Unknown/Gatterdam - 1970 - Embeddings of primitive recursive computable groups.pdf:pdf},
	keywords = {computability,group,grzegorczyk hierarchy},
	mendeley-tags = {computability,group,grzegorczyk hierarchy},
	title = {{Embeddings of primitive recursive computable groups}},
	url = {http://oai.dtic.mil/oai/oai?verb=getRecord\&metadataPrefix=html\&identifier=AD0703757},
	year = {1970}
}

@article{Grzegorczyk_1953,
	author = {Grzegorczyk, A},
	file = {:H$\backslash$:/Mendeley Desktop/Grzegorczyk/Rozprawy matematyczne/Grzegorczyk - 1953 - Some classes of recursive functions.pdf:pdf},
	journal = {Rozprawy matematyczne},
	keywords = {computability,grzegorczyk hierarchy},
	mendeley-tags = {computability,grzegorczyk hierarchy},
	title = {{Some classes of recursive functions}},
	url = {http://matwbn.icm.edu.pl/kstresc.php?tom=66\&wyd=9\&jez=pl},
	year = {1953}
}

@book{Stallings_1971,
	title={Group theory and three-dimensional manifolds},
	ISBN={978-0300013979},
	url={http://scholar.google.co.uk/scholar?q=group+theory+and+three-dimensional+manifolds&hl=en&btnG=Search&as_sdt=2001&as_sdtp=on#0},
	note={<m:note>The paper where Stalling first defines pregroups. Haven ºt read it yet.</m:note>},
	publisher={Yale University Press},
	author={Stallings, J.R.},
	year={1971}
}
